@article{slavin2014medical,
  title={Medical student mental health 3.0: improving student wellness through curricular changes},
  author={Slavin, Stuart J and Schindler, Debra L and Chibnall, John T},
  journal={Academic Medicine},
  volume={89},
  number={4},
  pages={573--577},
  year={2014},
  publisher={LWW}
}